@inproceedings{foci12-winter,
  title = {How the {Great Firewall of China} is blocking {Tor}}, 
  author = {Philipp Winter and Stefan Lindskog}, 
  booktitle = {Proceedings of the USENIX Workshop on Free and Open Communications on the
        Internet (FOCI)}, 
  year = {2012}, 
  month = {August}, 
  location = {Bellevue, WA, USA},
}

@inproceedings{flashproxy,
  title = {Evading Censorship with Browser-Based Proxies}, 
  author = {David Fifield and Nate Hardison and Jonathan Ellithorpe and Emily Stark and
        Roger Dingledine and Phil Porras and Dan Boneh}, 
  booktitle = {Proceedings of the 12th Privacy Enhancing Technologies Symposium (PETS)}, 
  year = {2012}, 
  month = {July},
  location = {Vigo, Spain},  
}

@inproceedings{cloudtransport,
  title={{CloudTransport}: Using Cloud Storage for Censorship-Resistant Networking},
  author={Chad Brubaker and Amir Houmansadr and Vitaly Shmatikov},
  booktitle={Proceedings of the 14th Privacy Enhancing Technologies Symposium (PETS)},
  year=2014,
  month=jul,
  url={\url{http://www.cs.utexas.edu/users/amir/papers/CloudTransport.pdf}},
}

@misc{obfsproxy,
  author = {George Kadianakis and Nick Mathewson},
  title = {{obfsproxy}},
  howpublished = {\url{https://www.torproject.org/projects/obfsproxy}},
  year = {2011},
  month = {December},
}

@misc{obfs2,
  author = {George Kadianakis and Nick Mathewson},
  title = {{obfs2} (The Twobfuscator)},
  howpublished = {\url{https://gitweb.torproject.org/pluggable-transports/obfsproxy.git/blob/HEAD:/doc/obfs2/obfs2-protocol-spec.txt}},
  year = {2011},
  month = jan,
}

@misc{obfs3,
  author = {George Kadianakis and Nick Mathewson},
  title = {{obfs3} (The Threebfuscator)},
  howpublished = {\url{https://gitweb.torproject.org/pluggable-transports/obfsproxy.git/blob/HEAD:/doc/obfs3/obfs3-protocol-spec.txt}},
  year = {2013},
  month = jan,
}

@misc{obfsproxy-arms-race,
  author = {Roger Dingledine},
  title = {Obfsproxy: the next step in the censorship arms race},
  howpublished = {\url{https://blog.torproject.org/blog/obfsproxy-next-step-censorship-arms-race}},
  year = {2012},
  month = feb,
}

@misc{obfs-flash,
  author = {Tor Project},
  title = {\#7167: Combine traffic obfuscation with address diversity of flash proxy},
  howpublished = {\url{https://trac.torproject.org/projects/tor/ticket/7167}},
  year = {2012},
  month = {October},
}

@misc{bug4744,
  author = {Tor Project},
  title = {\#4744: GFW probes based on Tor's SSL cipher list},
  howpublished = {\url{https://trac.torproject.org/projects/tor/ticket/4744}},
  year = {2011},
  month = {December},
}

@techreport{tor-blocking,
  title = {Design of a blocking-resistant anonymity system},
  author = {Roger Dingledine and Nick Mathewson},
  institution = {The Tor Project},
  number = {2006-1},
  year = {2006},
  month = {November},
  url = {https://svn.torproject.org/svn/projects/design-paper/blocking.pdf},
  note = {\url{https://svn.torproject.org/svn/projects/design-paper/blocking.pdf}},
}

@inproceedings{scramblesuit,
  title = {{ScrambleSuit}: A Polymorphic Network Protocol to Circumvent Censorship}, 
  author = {Philipp Winter and Tobias Pulls and Juergen Fuss}, 
  booktitle = {Proceedings of the Workshop on Privacy in the Electronic Society (WPES)}, 
  year = {2013}, 
  month = {November}, 
  location = {Berlin, Germany}, 
}

@inproceedings{oss,
  title = {{OSS}: Using Online Scanning Services for Censorship Circumvention}, 
  author = {David Fifield and Gabi Nakibly and Dan Boneh}, 
  booktitle = {Proceedings of the 13th Privacy Enhancing Technologies Symposium (PETS)}, 
  year = {2013}, 
  month = {July}, 
  location = {Bloomington, IN, USA},
}

@inproceedings{stegotorus, 
  author = {Zachary Weinberg and Jeffrey Wang and Vinod Yegneswaran and Linda Briesemeister and Steven Cheung and Frank Wang and Dan Boneh}, 
  title = {{StegoTorus}: a camouflage proxy for the {Tor} anonymity system}, 
  booktitle = {Proceedings of the 19th ACM Conference on Computer and Communications Security (CCS)}, 
  location = {Raleigh, NC, USA},
  year = {2012},
  month = {October},
}

@inproceedings{skypemorph,
  author = {Hooman Mohajeri Moghaddam and Baiyu Li and Mohammad Derakhshani and Ian Goldberg},
  title = {{SkypeMorph}: Protocol Obfuscation for {Tor} Bridges},
  booktitle = {Proceedings of the 19th ACM Conference on Computer and Communications Security (CCS)},
  year = {2012},
  location = {Raleigh, NC, USA},
  month = {October},
}

@inproceedings{parrot,
  title = {The Parrot Is Dead: Observing Unobservable Network Communications},
  author = {Amir Houmansadr and Chad Brubaker and Vitaly Shmatikov},
  booktitle = {Proceedings of the 34th IEEE Symposium on Security and Privacy (Oakland)},
  year = {2013},
  month = {May},
  location = {San Francisco, CA, USA},
}

@inproceedings{acks,
  author = {John Geddes and Max Schuchard and Nicholas Hopper},
  title = {Cover Your {ACK}s: Pitfalls of Covert Channel Censorship Circumvention},
  booktitle = {Proceedings of the 20th ACM Conference on Computer and Communications Security (CCS)},
  year = {2013},
  month = {November},
  location = {Berlin, Germany},
 } 

@inproceedings{freewave,
  author = {Amir Houmansadr and Thomas Riedl and Nikita Borisov and Andrew Singer},
  title = {I Want My Voice to Be Heard: {IP} over Voice-over-{IP} for Unobservable Censorship Circumvention},
  booktitle = {Proceedings of the 20th Annual Network and Distributed System Security Symposium (NDSS)},
  year = {2013},
  month = {February},
  location = {San Diego, CA, USA},
}

@inproceedings{telex,
  title = {Telex: Anticensorship in the Network Infrastructure}, 
  author = {Eric Wustrow and Scott Wolchok and Ian Goldberg and J. Alex Halderman}, 
  booktitle = {Proceedings of the 20th USENIX Security Symposium}, 
  year = {2011}, 
  month = {August}, 
  location = {San Francisco, CA, USA},
}

@inproceedings{censorspoofer,
  title = {{CensorSpoofer}: Asymmetric Communication using {IP} Spoofing for
        Censorship-Resistant Web Browsing}, 
  author = {Qiyan Wang and Xun Gong and Giang T. K. Nguyen and Amir Houmansadr and Nikita
        Borisov}, 
  booktitle = {Proceedings of the 19th ACM conference on Computer and Communications
        Security (CCS)}, 
  year = {2012}, 
  month = {October}, 
  location = {Raleigh, NC, USA},
}

@inproceedings{nodirectionhome,
  author = {Amir Houmansadr and Edmund L. Wong and Vitaly Shmatikov},
  booktitle = {Proceedings of the 21th Annual Network and Distributed System Security Symposium (NDSS)},
  title = {No Direction Home: The True Cost of Routing Around Decoys},
  year = {2014},
  month = {February},
  location = {San Diego, CA, USA},
}

@techreport{collateral-freedom,
  title = {Collateral Freedom: A Snapshot of {Chinese} Users Circumventing Censorship},
  author = {David Robinson and Harlan Yu and Anne An},
  institution = {Open Internet Tools Project},
  year = {2013},
  month = {May},
  url = {https://openitp.org/pdfs/CollateralFreedom.pdf},
  note = {\url{https://openitp.org/pdfs/CollateralFreedom.pdf}},
}

@misc{goagent,
  title = {{GoAgent}},
  howpublished = {\url{https://github.com/goagent/goagent}},
}

@techreport{wilde,
  title = {{Great Firewall} {Tor} Probing Circa {09 DEC 2011}},
  author = {Tim Wilde},
  year = {2012},
  month = {January},
  institution = {Team Cymru},
  url = {https://gist.github.com/da3c7a9af01d74cd7de7},
  note = {\url{https://gist.github.com/da3c7a9af01d74cd7de7}},
}

@inproceedings{fte,
  title = {Protocol Misidentification Made Easy with Format-Transforming Encryption}, 
  author = {Kevin P. Dyer and Scott E. Coull and Thomas Ristenpart and Thomas Shrimpton}, 
  booktitle = {Proceedings of the 20th ACM conference on Computer and Communications
        Security (CCS)}, 
  year = {2013}, 
  month = {November}, 
  location = {Berlin, Germany}, 
}

@inproceedings{ccs2012-decoys,
  title = {Routing Around Decoys}, 
  author = {Max Schuchard and John Geddes and Christopher Thompson and Nicholas Hopper}, 
  booktitle = {Proceedings of the 19th ACM conference on Computer and Communications
        Security (CCS 2012)}, 
  year = {2012}, 
  month = {October}, 
  location = {Raleigh, NC, USA},
}

@inproceedings{cirripede,
  address = {Chicago, IL, USA},
  author = {Houmansadr, Amir and Nguyen, Giang T. K. and Caesar, Matthew and Borisov, Nikita},
  booktitle = {Computer and Communications Security},
  pages = {187--200},
  publisher = {ACM},
  title = {{Cirripede: Circumvention Infrastructure using Router Redirection with Plausible Deniability}},
  year = {2011},
  www_pdf_url = {http://hatswitch.org/~nikita/papers/cirripede-ccs11.pdf}
}

@inproceedings{decoyrouting,
  address = {San Francisco, CA, USA},
  author = {Karlin, Josh and Ellard, Daniel and Jackson, Alden W. and Jones, Christine E. and Lauer, Greg and Mankins, David P. and Strayer, W. Timothy},
  booktitle = {Free and Open Communications on the Internet},
  publisher = {USENIX Association},
  title = {{Decoy Routing: Toward Unblockable Internet Communication}},
  year = {2011},
  www_pdf_url = {http://static.usenix.org/event/foci11/tech/final_files/Karlin.pdf}
}
