@inproceedings{foci12-winter,
  title = {{How the Great Firewall of China is blocking Tor}}, 
  author = {Philipp Winter and Stefan Lindskog}, 
  booktitle = {Proceedings of the USENIX Workshop on Free and Open Communications on the
        Internet (FOCI 2012)}, 
  year = {2012}, 
  month = {August}, 
  www_tags = {selected}, 
  www_pdf_url = {https://www.usenix.org/system/files/conference/foci12/foci12-final2.pdf}, 
  www_section = {Communications Censorship}, 
}
